<record><leader>00000cas a22000007a 4500</leader><controlfield tag="001">10581504</controlfield><controlfield tag="008">840331d18551860ohuwr ne      0    0eng d</controlfield><datafield ind1=" " ind2=" " tag="010"><subfield code="a">sn 84028175 </subfield></datafield><datafield ind1=" " ind2=" " tag="040"><subfield code="a">NPY</subfield><subfield code="b">eng</subfield><subfield code="c">NPY</subfield><subfield code="d">DLC</subfield><subfield code="d">ONP</subfield><subfield code="d">OCL</subfield><subfield code="d">OCLCF</subfield><subfield code="d">OCLCO</subfield></datafield><datafield ind1="1" ind2=" " tag="029"><subfield code="a">AU@</subfield><subfield code="b">000025792792</subfield></datafield><datafield ind1=" " ind2=" " tag="042"><subfield code="a">msc</subfield></datafield><datafield ind1="0" ind2="0" tag="050"><subfield code="a">Newspaper 9318</subfield></datafield><datafield ind1="0" ind2="0" tag="245"><subfield code="a">Painesville commercial advertiser.</subfield></datafield><datafield ind1="1" ind2="0" tag="246"><subfield code="a">Commercial advertiser</subfield></datafield><datafield ind1="1" ind2="3" tag="246"><subfield code="a">Painesville advertiser</subfield><subfield code="f">1855-Jan. 15, 1859</subfield></datafield><datafield ind1=" " ind2=" " tag="260"><subfield code="a">Painesville, Ohio :</subfield><subfield code="b">M.R. Doolittle,</subfield><subfield code="c">1855-1860.</subfield></datafield><datafield ind1=" " ind2=" " tag="300"><subfield code="a">v.</subfield></datafield><datafield ind1=" " ind2=" " tag="310"><subfield code="a">Weekly,</subfield><subfield code="b">Sept. 29, 1855-1860</subfield></datafield><datafield ind1=" " ind2=" " tag="321"><subfield code="a">Biweekly,</subfield><subfield code="b">June 16-30, 1855</subfield></datafield><datafield ind1=" " ind2=" " tag="321"><subfield code="a">Monthly,</subfield><subfield code="b">July 28-Aug. 31, 1855</subfield></datafield><datafield ind1="0" ind2=" " tag="362"><subfield code="a">Vol. 1, no.1 (June 16, 1855)-v. 5, no. 26 (Mar. 10, 1860).</subfield></datafield><datafield ind1=" " ind2=" " tag="500"><subfield code="a">The word "commercial" appears within the title ornament.</subfield></datafield><datafield ind1=" " ind2=" " tag="500"><subfield code="a">Punlished as: Commercial advertiser, Aug. 8-29, 1857.</subfield></datafield><datafield ind1=" " ind2="0" tag="651"><subfield code="a">Painesville (Ohio)</subfield><subfield code="v">Newspapers.</subfield></datafield><datafield ind1=" " ind2="0" tag="651"><subfield code="a">Lake County (Ohio)</subfield><subfield code="v">Newspapers.</subfield></datafield><datafield ind1=" " ind2="7" tag="655"><subfield code="a">Newspapers.</subfield><subfield code="2">fast</subfield><subfield code="0">(OCoLC)fst01423814</subfield></datafield><datafield ind1=" " ind2="7" tag="651"><subfield code="a">Ohio</subfield><subfield code="z">Lake County.</subfield><subfield code="2">fast</subfield><subfield code="0">(OCoLC)fst01205662</subfield></datafield><datafield ind1=" " ind2="7" tag="651"><subfield code="a">Ohio</subfield><subfield code="z">Painesville.</subfield><subfield code="2">fast</subfield><subfield code="0">(OCoLC)fst01238531</subfield></datafield><datafield ind1=" " ind2=" " tag="752"><subfield code="a">United States</subfield><subfield code="b">Ohio</subfield><subfield code="c">Lake</subfield><subfield code="d">Painesville.</subfield></datafield><datafield ind1="0" ind2="7" tag="785"><subfield code="t">Press (Painesville, Ohio)</subfield><subfield code="w">(DLC)sn 84028176</subfield></datafield><datafield ind1="0" ind2="7" tag="785"><subfield code="t">Press and advertiser</subfield><subfield code="w">(DLC)sn 84028177</subfield></datafield></record>